@article{ref:introduction:higgs,
      author         = "Chatrchyan, Serguei and others",
      title          = "{Observation and measurement of the two photon decay of
                        the 125 GeV Higgs boson}",
      collaboration  = "CMS",
      year           = "2014",
      eprint         = "1499.9999",
      archivePrefix  = "arXiv",
      primaryClass   = "hep-ex",
      reportNumber   = "CMS-HIG-13-001,
      note           = "To be submitted to Eur.~Phys.~J.~C",
      SLACcitation   = "%%CITATION = ARXIV:1499.9999;%%",
}

@article{ref:introduction:legacy,
      author         = "Chatrchyan, Serguei and others",
      title          = "{Observation and measurement of the two photon decay of
                        the 125 GeV Higgs boson}",
      collaboration  = "CMS",
      year           = "2014",
      eprint         = "1499.9999",
      archivePrefix  = "arXiv",
      primaryClass   = "hep-ex",
      reportNumber   = "CMS-HIG-13-001,
      note           = "To be submitted to Eur.~Phys.~J.~C",
      SLACcitation   = "%%CITATION = ARXIV:1499.9999;%%",
}
